
@article{chew_ribosome_2013,
        title = {Ribosome profiling reveals resemblance between long non-coding {RNAs} and 5â€² leaders of coding {RNAs}},
        volume = {140},
        issn = {0950-1991, 1477-9129},
        url = {http://dev.biologists.org/lookup/doi/10.1242/dev.098343},
        doi = {10.1242/dev.098343},
        language = {en},
        number = {13},
        urldate = {2017-09-26},
        journal = {Development},
        author = {Chew, Guo-Liang and Pauli, Andrea and Rinn, John L. and Regev, Aviv and Schier, Alexander F. and Valen, Eivind},
        month = jul,
        year = {2013},
        note = {00139},
        pages = {2828--2834},
        file = {2828.full.pdf:/home/saket/.zotero/zotero/pkxwluc6.default/zotero/storage/7KDGR2DS/2828.full.pdf:application/pdf}
}


@article{calviello_beyond_2017,
        title = {Beyond {Read}-{Counts}: {Ribo}-seq {Data} {Analysis} to {Understand} the {Functions} of the {Transcriptome}},
        issn = {01689525},
        shorttitle = {Beyond {Read}-{Counts}},
        url = {http://linkinghub.elsevier.com/retrieve/pii/S016895251730135X},
        doi = {10.1016/j.tig.2017.08.003},
        language = {en},
        urldate = {2017-09-15},
        journal = {Trends in Genetics},
        author = {Calviello, Lorenzo and Ohler, Uwe},
        month = sep,
        year = {2017},
        note = {00000},
        file = {10.1016@j.tig.2017.08.003.pdf:/home/saket/.zotero/zotero/pkxwluc6.default/zotero/storage/A73TX6HX/10.1016@j.tig.2017.08.003.pdf:application/pdf;10.1016@j.tig.2017.08.003.pdf:/home/saket/.zotero/zotero/pkxwluc6.default/zotero/storage/GJX34JQI/10.1016@j.tig.2017.08.00
3.pdf:application/pdf;PIIS016895251730135X.pdf:/home/saket/.zotero/zotero/pkxwluc6.default/zotero/storage/TDGI2XCH/PIIS016895251730135X.pdf:application/pdf}
}

@article{burge1997prediction,
  title={Prediction of complete gene structures in human genomic DNA},
  author={Burge, Chris and Karlin, Samuel},
  journal={Journal of molecular biology},
  volume={268},
  number={1},
  pages={78--94},
  year={1997},
  publisher={Elsevier}
}